@article{BLANQUE-2002,
AUTHOR  = "P BLANQUÉ",
TITLE   = "{Crisis and Fraud}",
JOURNAL = "Journal of Financial Regulation and Compliance",
pages = {60},
volume = {1},
number = {1},
YEAR    = 2002
}

@article{ROCKNESS-2005,
AUTHOR  = "H ROCKNESS and J ROCKNESS",
TITLE   = "{Legislated Ethics: From Enron to Sarbanes-Oxley, the Impact on Corporate America}",
JOURNAL = "Journal of Business Ethics",
pages = {31--54},
volume = {57},
YEAR    = 2005
}

@article{ACFE-2012,
AUTHOR  = "ACFE",
TITLE   = "{Quais são as prioridades de investimentos dos CIOs de governo?}",      
YEAR    = 2012,
URL = {https://www.acfe.com/rttn-highlights.aspx/},
urlaccessdate="01/09/2019"
}

@article{DHAR-VASANT2013,
author = {Dhar and Vasant},
doi = {10.1145/2500499},
issn = {00010782},
journal = {Communications of the ACM},
month = {dec},
number = {12},
pages = {64--73},
title = {Data science and prediction},
url = {http://dl.acm.org/citation.cfm?doid=2534706.2500499},
volume = {56},
year = {2013}
}

@article{WITTEN-FRANK2011,
AUTHOR  = " Ian H. Witten and Eibe Frank",
TITLE   = "{Data mining: practical machine learning tools and techniques}",             
JOURNAL = "Morgan Kaufmann Series in Data Management Systems",
MONTH   = "Jan",
YEAR    = 2011
}

@article{PING2010,
AUTHOR  = "Ping-guang, Cheng",
TITLE   = "{Research on outlier data mining algorithms based on subspace}",
JOURNAL = "In 2010 3rd International Conference on Advanced Computer Theory and Engineering (ICACTE). IEEE",
volume = {2},  
pages = {355--357},
YEAR    = 2010
}

@article{OPENKNOW-2017,
AUTHOR  = "OpenKnowledge",
TITLE   = "{How to Open Data}",
url = {https://okfn.org/opendata/how-to-open-data}, 
YEAR    = 2010,
urlaccessdate="24/10/2019"
}

@article{FIESP-2010,
AUTHOR  = "Agência Indusnet Fiesp ",
TITLE   = "{Custo da Corrupção no Brasil Chega a R\$ 69 BI por Ano}",
url = {https://www.fiesp.com.br/noticias/custo-da-corrupcao-no-brasil-chega-a-r-69-bi-por-ano/}, 
YEAR    = 2010,
urlaccessdate="24/10/2019"
}

@article{ELECHI-2019,
AUTHOR  = "Promise Elechi",
TITLE   = "{Improved Ghost Worker Fraud Detection System Using Artificial Neural Network}",
JOURNAL = "Journal of Electrical Engineering, Electronics, Control and Computer Science",
volume = {5},  
number = {1},
pages = {17--24},
YEAR    = 2019
}
